<record><leader>00000cas a22000007a 4500</leader><controlfield tag="001">21783796</controlfield><controlfield tag="008">900612d18901899ohudn ne      0    0eng d</controlfield><datafield ind1=" " ind2=" " tag="010"><subfield code="a">sn 90068886 </subfield></datafield><datafield ind1=" " ind2=" " tag="040"><subfield code="a">ONP</subfield><subfield code="b">eng</subfield><subfield code="c">ONP</subfield><subfield code="d">OCLCQ</subfield></datafield><datafield ind1=" " ind2=" " tag="042"><subfield code="a">msc</subfield></datafield><datafield ind1="0" ind2=" " tag="130"><subfield code="a">Daily crescent (Defiance, Ohio)</subfield></datafield><datafield ind1="1" ind2="4" tag="245"><subfield code="a">The Daily crescent.</subfield></datafield><datafield ind1="1" ind2="3" tag="246"><subfield code="a">Defiance daily crescent</subfield></datafield><datafield ind1=" " ind2=" " tag="260"><subfield code="a">Defiance, Ohio :</subfield><subfield code="b">A.F. Schrack,</subfield><subfield code="c">1890-1899.</subfield></datafield><datafield ind1=" " ind2=" " tag="300"><subfield code="a">v.</subfield></datafield><datafield ind1=" " ind2=" " tag="310"><subfield code="a">Daily (except Sun.)</subfield></datafield><datafield ind1="0" ind2=" " tag="362"><subfield code="a">Vol. 3, no. 137 (Nov. 10, 1890)-v. 11, no. 202 (Jan. 23, 1899).</subfield></datafield><datafield ind1=" " ind2=" " tag="752"><subfield code="a">United States</subfield><subfield code="b">Ohio</subfield><subfield code="c">Defiance</subfield><subfield code="d">Defiance.</subfield></datafield><datafield ind1="0" ind2="0" tag="780"><subfield code="t">Defiance daily crescent (Defiance, Ohio : 1888)</subfield><subfield code="w">(DLC)sn 90068885</subfield></datafield><datafield ind1="0" ind2="0" tag="785"><subfield code="t">Defiance daily crescent (Defiance, Ohio : 1899)</subfield><subfield code="w">(DLC)sn 89075251</subfield></datafield></record>